@inproceedings{santos2020path,
  title={Path planning for ground robots in agriculture: A short review},
  author={Santos, Lu{\'\i}s C and Santos, Filipe N and Pires, EJ Solteiro and Valente, Ant{\'o}nio and Costa, Pedro and Magalh{\~a}es, Sandro},
  booktitle={2020 IEEE International Conference on Autonomous Robot Systems and Competitions (ICARSC)},
  pages={61--66},
  year={2020},
  organization={IEEE}
}

@article{chung2023into,
  title={Into the Robotic Depths: Analysis and Insights from the DARPA Subterranean Challenge},
  author={Chung, Timothy H and Orekhov, Viktor and Maio, Angela},
  journal={Annual Review of Control, Robotics, and Autonomous Systems},
  volume={6},
  pages={477--502},
  year={2023},
  publisher={Annual Reviews}
}

@article{dorigo2006ant,
  title={Ant colony optimization},
  author={Dorigo, Marco and Birattari, Mauro and Stutzle, Thomas},
  journal={IEEE computational intelligence magazine},
  volume={1},
  number={4},
  pages={28--39},
  year={2006},
  publisher={IEEE}
}

@article{bonabeau2000inspiration,
  title={Inspiration for optimization from social insect behaviour},
  author={Bonabeau, Eric and Dorigo, Marco and Theraulaz, Guy},
  journal={Nature},
  volume={406},
  number={6791},
  pages={39--42},
  year={2000},
  publisher={Nature Publishing Group UK London}
}


@book{bonabeau1999swarm,
  title={Swarm intelligence: from natural to artificial systems},
  author={Bonabeau, Eric and Dorigo, Marco and Theraulaz, Guy},
  number={1},
  year={1999},
  publisher={Oxford university press}
}


@inproceedings{iredi2001bi,
  title={Bi-criterion optimization with multi colony ant algorithms},
  author={Iredi, Steffen and Merkle, Daniel and Middendorf, Martin},
  booktitle={Evolutionary Multi-Criterion Optimization: First International Conference, EMO 2001 Zurich, Switzerland, March 7--9, 2001 Proceedings 1},
  pages={359--372},
  year={2001},
  organization={Springer}
}


@inproceedings{agmon2017robotic,
  title={Robotic Strategic Behavior in Adversarial Environments},
  author={Agmon, Noa},
  booktitle={IJCAI},
  pages={5106--5110},
  year={2017}
}

@book{pardalos2017non,
  title={Non-convex multi-objective optimization},
  author={Pardalos, Panos M and {\v{Z}}ilinskas, Antanas and {\v{Z}}ilinskas, Julius and others},
  year={2017},
  publisher={Springer}
}



@article{gunawan2016orienteering,
  title={Orienteering problem: A survey of recent variants, solution approaches and applications},
  author={Gunawan, Aldy and Lau, Hoong Chuin and Vansteenwegen, Pieter},
  journal={European Journal of Operational Research},
  volume={255},
  number={2},
  pages={315--332},
  year={2016},
  publisher={Elsevier}
}

@article{vansteenwegen2011orienteering,
  title={The orienteering problem: A survey},
  author={Vansteenwegen, Pieter and Souffriau, Wouter and Van Oudheusden, Dirk},
  journal={European Journal of Operational Research},
  volume={209},
  number={1},
  pages={1--10},
  year={2011},
  publisher={Elsevier}
}



@article{prorok2021beyond,
  title={Beyond robustness: A taxonomy of approaches towards resilient multi-robot systems},
  author={Prorok, Amanda and Malencia, Matthew and Carlone, Luca and Sukhatme, Gaurav S and Sadler, Brian M and Kumar, Vijay},
  journal={arXiv preprint arXiv:2109.12343},
  year={2021}
}


@article{tang2023poisson,
  title={The Poisson binomial distributionâ€”Old \& new},
  author={Tang, Wenpin and Tang, Fengmin},
  journal={Statistical Science},
  volume={38},
  number={1},
  pages={108--119},
  year={2023},
  publisher={Institute of Mathematical Statistics}
}



@inproceedings{majumdar2020should,
  title={How should a robot assess risk? towards an axiomatic theory of risk in robotics},
  author={Majumdar, Anirudha and Pavone, Marco},
  booktitle={Robotics Research: The 18th International Symposium ISRR},
  pages={75--84},
  year={2020},
  organization={Springer}
}


@article{jorgensen2018team,
  title={The team surviving orienteers problem: routing teams of robots in uncertain environments with survival constraints},
  author={Jorgensen, Stefan and Chen, Robert H and Milam, Mark B and Pavone, Marco},
  journal={Autonomous Robots},
  volume={42},
  pages={927--952},
  year={2018},
  publisher={Springer}
}

@article{di2022foraging,
  title={A Foraging Strategy with Risk Response for Individual Robots in Adversarial Environments},
  author={Di, Kai and Zhou, Yifeng and Yan, Fuhan and Jiang, Jiuchuan and Yang, Shaofu and Jiang, Yichuan},
  journal={ACM Transactions on Intelligent Systems and Technology (TIST)},
  volume={13},
  number={5},
  pages={1--29},
  year={2022},
  publisher={ACM New York, NY}
}


@article{zhou2022distributed,
  title={Distributed attack-robust submodular maximization for multirobot planning},
  author={Zhou, Lifeng and Tzoumas, Vasileios and Pappas, George J and Tokekar, Pratap},
  journal={IEEE Transactions on Robotics},
  volume={38},
  number={5},
  pages={3097--3112},
  year={2022},
  publisher={IEEE}
}


@article{shi2023robust,
  title={Robust multiple-path orienteering problem: Securing against adversarial attacks},
  author={Shi, Guangyao and Zhou, Lifeng and Tokekar, Pratap},
  journal={IEEE Transactions on Robotics},
  year={2023},
  publisher={IEEE}
}


@article{merino2012unmanned,
  title={An unmanned aircraft system for automatic forest fire monitoring and measurement},
  author={Merino, Luis and Caballero, Fernando and Mart{\'\i}nez-de-Dios, J Ramiro and Maza, Iv{\'a}n and Ollero, An{\'\i}bal},
  journal={Journal of Intelligent \& Robotic Systems},
  volume={65},
  pages={533--548},
  year={2012},
  publisher={Springer}
}

@book{wilson1979introduction,
  title={Introduction to graph theory},
  author={Wilson, Robin J},
  year={1979},
  publisher={Pearson Education India}
}


@inproceedings{murphy2012projected,
  title={Projected needs for robot-assisted chemical, biological, radiological, or nuclear (CBRN) incidents},
  author={Murphy, Robin R and Peschel, Joshua and Arnett, Clint and Martin, David},
  booktitle={2012 IEEE International Symposium on Safety, Security, and Rescue Robotics (SSRR)},
  pages={1--4},
  year={2012},
  organization={IEEE}
}

@article{zhou2021multi,
  title={Multi-robot coordination and planning in uncertain and adversarial environments},
  author={Zhou, Lifeng and Tokekar, Pratap},
  journal={Current Robotics Reports},
  volume={2},
  pages={147--157},
  year={2021},
  publisher={Springer}
}


@inproceedings{soldan2014towards,
  title={Towards autonomous robotic systems for remote gas leak detection and localization in industrial environments},
  author={Soldan, Samuel and Welle, Jochen and Barz, Thomas and Kroll, Andreas and Schulz, Dirk},
  booktitle={Field and Service Robotics: Results of the 8th International Conference},
  pages={233--247},
  year={2014},
  organization={Springer}
}



@article{coelho2014thirty,
  title={Thirty years of inventory routing},
  author={Coelho, Leandro C and Cordeau, Jean-Fran{\c{c}}ois and Laporte, Gilbert},
  journal={Transportation Science},
  volume={48},
  number={1},
  pages={1--19},
  year={2014},
  publisher={INFORMS}
}

@article{wurman2008coordinating,
  title={Coordinating hundreds of cooperative, autonomous vehicles in warehouses},
  author={Wurman, Peter R and D'Andrea, Raffaello and Mountz, Mick},
  journal={AI magazine},
  volume={29},
  number={1},
  pages={9--9},
  year={2008}
}

@article{lesser1999cooperative,
  title={Cooperative multiagent systems: A personal view of the state of the art},
  author={Lesser, Victor R},
  journal={IEEE Transactions on knowledge and data engineering},
  volume={11},
  number={1},
  pages={133--142},
  year={1999},
  publisher={IEEE}
}

@inproceedings{jorgensen2017matroid,
  title={The matroid team surviving orienteers problem: Constrained routing of heterogeneous teams with risky traversal},
  author={Jorgensen, Stefan and Chen, Robert H and Milam, Mark B and Pavone, Marco},
  booktitle={2017 IEEE/RSJ International Conference on Intelligent Robots and Systems (IROS)},
  pages={5622--5629},
  year={2017},
  organization={IEEE}
}

@article{jorgensen2024matroid,
  title={The matroid team surviving orienteers problem and its variants: Constrained routing of heterogeneous teams with risky traversal},
  author={Jorgensen, Stefan and Pavone, Marco},
  journal={The International Journal of Robotics Research},
  volume={43},
  number={1},
  pages={34--52},
  year={2024},
  publisher={SAGE Publications Sage UK: London, England}
}



@article{yehoshua2016robotic,
  title={Robotic adversarial coverage of known environments},
  author={Yehoshua, Roi and Agmon, Noa and Kaminka, Gal A},
  journal={The International Journal of Robotics Research},
  volume={35},
  number={12},
  pages={1419--1444},
  year={2016},
  publisher={SAGE Publications Sage UK: London, England}
}


@inproceedings{korngut2023multi,
  title={Multi-Robot Heterogeneous Adversarial Coverage},
  author={Korngut, Yair and Agmon, Noa},
  booktitle={2023 International Symposium on Multi-Robot and Multi-Agent Systems (MRS)},
  pages={100--106},
  year={2023},
  organization={IEEE}
}


@article{liu2021distributed,
  title={Distributed resilient submodular action selection in adversarial environments},
  author={Liu, Jun and Zhou, Lifeng and Tokekar, Pratap and Williams, Ryan K},
  journal={IEEE Robotics and Automation Letters},
  volume={6},
  number={3},
  pages={5832--5839},
  year={2021},
  publisher={IEEE}
}


@article{dunbabin2012robots,
  title={Robots for environmental monitoring: Significant advancements and applications},
  author={Dunbabin, Matthew and Marques, Lino},
  journal={IEEE Robotics \& Automation Magazine},
  volume={19},
  number={1},
  pages={24--39},
  year={2012},
  publisher={IEEE}
}

@inproceedings{parker2007distributed,
  title={Distributed Intelligence: Overview of the Field and its Application in Multi-Robot Systems.},
  author={Parker, Lynne E},
  booktitle={AAAI fall symposium: regarding the intelligence in distributed intelligent systems},
  pages={1--6},
  year={2007}
}

@article{queralta2020collaborative,
  title={Collaborative multi-robot search and rescue: Planning, coordination, perception, and active vision},
  author={Queralta, Jorge Pena and Taipalmaa, Jussi and Pullinen, Bilge Can and Sarker, Victor Kathan and Gia, Tuan Nguyen and Tenhunen, Hannu and Gabbouj, Moncef and Raitoharju, Jenni and Westerlund, Tomi},
  journal={Ieee Access},
  volume={8},
  pages={191617--191643},
  year={2020},
  publisher={IEEE}
}

@article{bogue2016growth,
  title={Growth in e-commerce boosts innovation in the warehouse robot market},
  author={Bogue, Robert},
  journal={Industrial Robot: An International Journal},
  volume={43},
  number={6},
  pages={583--587},
  year={2016},
  publisher={Emerald Group Publishing Limited}
}

